--- Application Notes ---
@manual{ibis,
    organization = {Analog Devices},
    author = {Mercedes Casamayor},
    title = {A First Approach to IBIS Models: What they Are and How They Are Generated},
    number = {AN-715}
}
